<record><leader>00000cas a22000007a 4500</leader><controlfield tag="001">15737777</controlfield><controlfield tag="008">870527d192619uumsuer ne      0    0eng d</controlfield><datafield ind1=" " ind2=" " tag="010"><subfield code="a">sn 87065412 </subfield></datafield><datafield ind1=" " ind2=" " tag="040"><subfield code="a">MJA</subfield><subfield code="b">eng</subfield><subfield code="c">MJA</subfield><subfield code="d">MSJ</subfield><subfield code="d">OCLCQ</subfield></datafield><datafield ind1=" " ind2=" " tag="042"><subfield code="a">msc</subfield></datafield><datafield ind1="0" ind2=" " tag="130"><subfield code="a">Mize headlight (Mize, Miss. : 1926)</subfield></datafield><datafield ind1="1" ind2="4" tag="245"><subfield code="a">The Mize headlight.</subfield></datafield><datafield ind1=" " ind2=" " tag="260"><subfield code="a">Mize, Smith County, Miss. :</subfield><subfield code="b">Mize Chamber of Commerce</subfield></datafield><datafield ind1=" " ind2=" " tag="310"><subfield code="a">Biweekly</subfield></datafield><datafield ind1="1" ind2=" " tag="362"><subfield code="a">Began in 1926?</subfield></datafield><datafield ind1=" " ind2=" " tag="500"><subfield code="a">Special "Souvenir edition" published Mar. 11, 1926.</subfield></datafield><datafield ind1=" " ind2=" " tag="588"><subfield code="a">Description based on: Vol. 1, no. 3 (Mar. 11, 1926).</subfield></datafield><datafield ind1=" " ind2=" " tag="752"><subfield code="a">United States</subfield><subfield code="b">Mississippi</subfield><subfield code="c">Smith</subfield><subfield code="d">Mize.</subfield></datafield></record>